@online{test-en-df, 
	title={test-en-df}, 
	howpublished={\url{https://www.kaggle.com/bamps53/test-en-df}}, 
	author={Camaro}
}

@misc{kaggle, 
	title={Jigsaw Multilingual Toxic Comment Classification},  
	author={Jigsaw}, 
	year={2020}, 
	month={Mar}
}

@online{jigsaw, 
	title={Jigsaw LLC}, 
	howpublished={\url{https://jigsaw.google.com/}}
}

@online{self-attention, 
	title={The Illustrated Transformer}, 
	howpublished={\url{http://jalammar.github.io/illustrated-transformer/}}, 
	author={Jay Alammar}
}

@online{xla, 
	title={PYTORCH ON XLA DEVICES}, 
	howpublished={\url{https://pytorch.org/xla/release/1.5/index.html#}}, 
	author={PyTorch}
}

@online{roc, 
	title={ROC-AUC Score}, 
	howpublished={\url{https://scikit-learn.org/stable/modules/generated/sklearn.metrics.roc_auc_score.html}}, 
	author={sklearn}
}

@article{BERT,
	author    = {Jacob Devlin and
	Ming{-}Wei Chang and
	Kenton Lee and
	Kristina Toutanova},
	title     = {{BERT:} Pre-training of Deep Bidirectional Transformers for Language
	Understanding},
	journal   = {CoRR},
	volume    = {abs/1810.04805},
	year      = {2018},
	url       = {http://arxiv.org/abs/1810.04805},
	archivePrefix = {arXiv},
	eprint    = {1810.04805},
	timestamp = {Tue, 30 Oct 2018 20:39:56 +0100},
	biburl    = {https://dblp.org/rec/journals/corr/abs-1810-04805.bib},
	bibsource = {dblp computer science bibliography, https://dblp.org}
}

@article{attention,
	author    = {Ashish Vaswani and
	Noam Shazeer and
	Niki Parmar and
	Jakob Uszkoreit and
	Llion Jones and
	Aidan N. Gomez and
	Lukasz Kaiser and
	Illia Polosukhin},
	title     = {Attention Is All You Need},
	journal   = {CoRR},
	volume    = {abs/1706.03762},
	year      = {2017},
	url       = {http://arxiv.org/abs/1706.03762},
	archivePrefix = {arXiv},
	eprint    = {1706.03762},
	timestamp = {Mon, 13 Aug 2018 16:48:37 +0200},
	biburl    = {https://dblp.org/rec/journals/corr/VaswaniSPUJGKP17.bib},
	bibsource = {dblp computer science bibliography, https://dblp.org}
}

@article{weight,
	author    = {Ilya Loshchilov and
	Frank Hutter},
	title     = {Fixing Weight Decay Regularization in Adam},
	journal   = {CoRR},
	volume    = {abs/1711.05101},
	year      = {2017},
	url       = {http://arxiv.org/abs/1711.05101},
	archivePrefix = {arXiv},
	eprint    = {1711.05101},
	timestamp = {Mon, 13 Aug 2018 16:48:18 +0200},
	biburl    = {https://dblp.org/rec/journals/corr/abs-1711-05101.bib},
	bibsource = {dblp computer science bibliography, https://dblp.org}
}

@article{roberta,
	author    = {Yinhan Liu and
	Myle Ott and
	Naman Goyal and
	Jingfei Du and
	Mandar Joshi and
	Danqi Chen and
	Omer Levy and
	Mike Lewis and
	Luke Zettlemoyer and
	Veselin Stoyanov},
	title     = {RoBERTa: {A} Robustly Optimized {BERT} Pretraining Approach},
	journal   = {CoRR},
	volume    = {abs/1907.11692},
	year      = {2019},
	url       = {http://arxiv.org/abs/1907.11692},
	archivePrefix = {arXiv},
	eprint    = {1907.11692},
	timestamp = {Thu, 01 Aug 2019 08:59:33 +0200},
	biburl    = {https://dblp.org/rec/journals/corr/abs-1907-11692.bib},
	bibsource = {dblp computer science bibliography, https://dblp.org}
}

@article{xlm-roberta,
	title={Unsupervised Cross-lingual Representation Learning at Scale},
	author={Alexis Conneau and Kartikay Khandelwal and Naman Goyal and Vishrav Chaudhary and Guillaume Wenzek and Francisco Guzm√°n and Edouard Grave and Myle Ott and Luke Zettlemoyer and Veselin Stoyanov},
	year={2019},
	eprint={1911.02116},
	archivePrefix={arXiv},
	primaryClass={cs.CL}
}

@article{kimcnn,
	author    = {Yoon Kim},
	title     = {Convolutional Neural Networks for Sentence Classification},
	journal   = {CoRR},
	volume    = {abs/1408.5882},
	year      = {2014},
	url       = {http://arxiv.org/abs/1408.5882},
	archivePrefix = {arXiv},
	eprint    = {1408.5882},
	timestamp = {Mon, 13 Aug 2018 16:46:21 +0200},
	biburl    = {https://dblp.org/rec/journals/corr/Kim14f.bib},
	bibsource = {dblp computer science bibliography, https://dblp.org}
}